@article{Emmi2018,
    author = "Michael Emmi and Constantin Enea",
    title = "Sound, complete, and tractable linearizability monitoring for concurrent collections",
    journal = "Proceedings of the ACM on Programming Languages",
    volume = "2",
    number = "25",
    year = "2018",
    DOI = "https://doi.org/10.1145/3158113"
}

@article{Enea2017,
    author = "Ahmed Bouajjani, Constantin Enea and Chao Wang",
    title = "Checking Linearizability of Concurrent Priority Queues",
    eprint = "1707.00639",
    archivePrefix = "arXiv",
    primaryClass = "cs.PL",
    year = "2017",
    DOI = "https://doi.org/10.48550/arXiv.1707.00639"
}

@article{Gibbons1997,
    author = "Phillip B. Gibbons and Ephraim Korach",
    title = "Testing Shared Memories",
    journal = "Society for Industrial and Applied Mathematics",
    volume = "26",
    number = "4",
    pages = "1208-1244",
    year = "1997",
    DOI = "https://doi.org/10.1137/S0097539794279614"
}

@article{Wing1990,
    author = "Maurice P. Herlihy and Jeannette M. Wing",
    title = "Linearizability: A Correctness Condition for Concurrent Objects",
    journal = "ACM Transactions on Programming Languages and Systems",
    volume = "12",
    number = "3",
    pages = "463-492",
    year = "1990",
    DOI = "https://doi.org/10.1145/78969.78972"
}

@article{William1984,
    author = "William F. Dowling and Jean H. Gallier",
    title = "Linear-Time Algorithms for Testing the Satisfiability of Propositional Horn Formulae",
    journal = "J. Log. Program",
    volume = "1",
    number = "3",
    pages = "267-284",
    year = "1984",
    DOI = "https://doi.org/10.1016/0743-1066(84)90014-1"
}

@inproceedings{Emmi2015,
  title={Monitoring refinement via symbolic reasoning},
  author={Emmi, Michael and Enea, Constantin and Hamza, Jad},
  booktitle={Proceedings of the 36th ACM SIGPLAN Conference on Programming Language Design and Implementation},
  pages={260--269},
  year={2015}
}

@article{Wing1993,
  title={Testing and verifying concurrent objects},
  author={Wing, Jeannette M. and Gong, Chun},
  journal={Journal of Parallel and Distributed Computing},
  volume={17},
  number={1-2},
  pages={164--182},
  year={1993},
  publisher={Elsevier}
}

@inproceedings{Horn2015,
  title={Faster linearizability checking via p-compositionality},
  author={Horn, Alex and Kroening, Daniel},
  booktitle={International Conference on Formal Techniques for Distributed Objects, Components, and Systems},
  pages={50--65},
  year={2015},
  organization={Springer}
}

@article{Lowe2017,
  title={Testing for linearizability},
  author={Lowe, Gavin},
  journal={Concurrency and Computation: Practice and Experience},
  volume={29},
  number={4},
  pages={e3928},
  year={2017},
  publisher={Wiley Online Library}
}

@article{Garey1982,
    author = "M. R. Garey and D. S. Johnson",
    title = "Computers and Intractability: A Guide to the Theory of NP-Completeness",
    journal = "Siam Review",
    volume = "24",
    number = "1",
    pages = "90",
    year = "1982",
    DOI = "https://doi.org/10.1137/1024022"
}

@inproceedings{Bouajjani2013,
  title={Verifying concurrent programs against sequential specifications},
  author={Bouajjani, Ahmed and Emmi, Michael and Enea, Constantin and Hamza, Jad},
  booktitle={Programming Languages and Systems: 22nd European Symposium on Programming, ESOP 2013, Held as Part of the European Joint Conferences on Theory and Practice of Software, ETAPS 2013, Rome, Italy, March 16-24, 2013. Proceedings 22},
  pages={290--309},
  year={2013},
  organization={Springer}
}

@article{ebertcfg,
  title={CFG Parsing and Boolean Matrix Multiplication},
  author={Ebert, Franziska}
}